@misc{AmdahlGustafson2023,
      title={A Deep Dive Into Amdahl’s Law and Gustafson’s Law}, 
      author={Durganshu Mishra},
      year={2023},
      url={https://hackernoon.com/a-deep-dive-into-amdahls-law-and-gustafsons-law} 
}

