@misc{AmdahlGustafson2023,
      title={A Deep Dive Into Amdahl’s Law and Gustafson’s Law}, 
      author={Durganshu Mishra},
      year={2023},
      url={https://hackernoon.com/a-deep-dive-into-amdahls-law-and-gustafsons-law} 
}

@misc{cools2019improvingstrongscalingconjugate,
      title={Improving strong scaling of the Conjugate Gradient method for solving large linear systems using global reduction pipelining}, 
      author={Siegfried Cools and Jeffrey Cornelis and Pieter Ghysels and Wim Vanroose},
      year={2019},
      eprint={1905.06850},
      archivePrefix={arXiv},
      primaryClass={cs.DC},
      url={https://arxiv.org/abs/1905.06850}, 
}
